<?xml version="1.0" encoding="UTF-8"?><collection xmlns="http://www.loc.gov/MARC21/slim"><record><leader>00706nam--2200181-i-4500</leader><controlfield tag="001">000016878</controlfield><controlfield tag="002">20161230</controlfield><controlfield tag="005">20161230201032</controlfield><controlfield tag="008">060222s1000------------r-----000-0-eng-d</controlfield><datafield ind1=" " ind2=" " tag="040"><subfield code="a">IFIN-HH</subfield></datafield><datafield ind1=" " ind2=" " tag="080"><subfield code="a">539.12.162.8(061.3)</subfield></datafield><datafield ind1="1" ind2=" " tag="100"><subfield code="a">Adams, J</subfield></datafield><datafield ind1="1" ind2="0" tag="245"><subfield code="a">The challenge of ultra-high energies</subfield><subfield code="b">Proceedings of the ecfa-ral topical meeting. a review of limitations and possibilities in particle acceleration, held at new college, oxford, 27-30 september 1982</subfield><subfield code="c">J. adams, u. amaldi, i. corbett, v. graccco, j. lawson, j. mulvey, w. willis</subfield></datafield><datafield ind1=" " ind2=" " tag="260"><subfield code="a">Chilton</subfield><subfield code="b">Rutherford Appleton Laboratory</subfield><subfield code="c">1982</subfield></datafield><datafield ind1=" " ind2=" " tag="300"><subfield code="a">385P</subfield></datafield><datafield ind1="1" ind2=" " tag="700"><subfield code="a">Willis, W</subfield></datafield><datafield ind1=" " ind2=" " tag="852"><subfield code="a">78945</subfield><subfield code="c">539.12</subfield></datafield><datafield ind1=" " ind2=" " tag="CAT"><subfield code="a">Sys</subfield><subfield code="c">20120125</subfield><subfield code="h">153747</subfield></datafield></record></collection>